<?xml version="1.0" encoding="UTF-8"?><record xmlns="http://www.loc.gov/MARC21/slim" xmlns:cinclude="http://apache.org/cocoon/include/1.0" xmlns:zs="http://www.loc.gov/zing/srw/">
  <leader>00438nz  a2200133n  4500</leader>
  <controlfield tag="001">no 00073723 </controlfield>
  <controlfield tag="003">DLC</controlfield>
  <controlfield tag="005">20000912064608.0</controlfield>
  <controlfield tag="008">000911n| acannaabn          |n aaa     c</controlfield>
  <datafield tag="010" ind1=" " ind2=" ">
    <subfield code="a">no 00073723 </subfield>
  </datafield>
  <datafield tag="035" ind1=" " ind2=" ">
    <subfield code="a">(OCoLC)oca05308052</subfield>
  </datafield>
  <datafield tag="040" ind1=" " ind2=" ">
    <subfield code="a">MnManS</subfield>
    <subfield code="b">eng</subfield>
    <subfield code="c">MnManS</subfield>
  </datafield>
  <datafield tag="100" ind1="1" ind2=" ">
    <subfield code="a">Jacobson, Ross L.</subfield>
  </datafield>
  <datafield tag="670" ind1=" " ind2=" ">
    <subfield code="a">Using self-instructional training to reduce maladaptive behaviors in adults diagnosed as mentally retarded, 1986:</subfield>
    <subfield code="b">t.p. (Ross L. Jacobson)</subfield>
  </datafield>
</record>